@article{wu2022HR,
  title={基于赫林格-赖斯纳变分原理的一致高效无网格本质边界条件施加方法},
  author={吴俊超 and 吴新瑜 and 赵珧冰 and 王东东},
  journal={力学学报},
  volume={54},
  number={12},
  pages={14},
  year={2022},
}