@article{1977A,
  title = {A Numerical Approach to the Testing of the Fission Hypothesis},
  author = {Lucy, Lb},
  year = {1977},
  journal = {Astrophys Journal},
  volume = {8},
  number = {12},
  pages = {1013--1024}
}

@article{1999Numerical,
  title = {Numerical Integration of the {{Galerkin}} Weak Form in Meshfree Methods},
  author = {Dolbow, John and Belytschko, Ted},
  year = {1999},
  journal = {Computational Mechanics},
  volume = {23},
  number = {3},
  pages = {219--230}
}

@book{2013Nonlinear,
  title = {Nonlinear Finite Elements for Continua and Structures, Second Edition. {{Solution}} Manual},
  author = {Bessa, Miguel and Elkhodary, K. I. and Liu, Wing Kam and Belytschko, Ted and Moran, Brian},
  year = {2014},
  publisher = {John Wiley \& Sons Inc}
}

@book{2014Computer,
  title = {Computer Procedures for Finite Element Analysis},
  author = {Zienkiewicz, O. C. and Taylor, R. L. and Fox, David},
  year = {2014},
  publisher = {{The Finite Element Method for Solid and Structural Mechanics}}
}

@article{陈嵩涛2020几何非线性分析的高效高阶无网格法,
  title = {几何非线性分析的高效高阶无网格法},
  author = {{陈嵩涛} and {段庆林} and {马今伟}},
  year = {2020},
  journal = {计算力学学报},
  number = {6},
  pages = {694--699}
}

@article{邓立克2019薄板分析的线性基梯度光滑伽辽金无网格法,
  title = {薄板分析的线性基梯度光滑伽辽金无网格法},
  author = {{邓立克} and {王东东} and {王家睿} and {吴俊超}},
  year = {2019},
  journal = {力学学报},
  volume = {51},
  number = {3},
  pages = {690--702}
}

@book{钱伟长1985广义变分原理,
  title = {广义变分原理},
  author = {{钱伟长}},
  year = {1985},
  publisher = {知识出版社}
}

@article{王莉华2021配点型无网格法理论和研究进展,
  title = {配点型无网格法理论和研究进展},
  author = {{王莉华} and {阮剑武}},
  year = {2021},
  journal = {力学季刊},
  volume = {42},
  number = {4},
  pages = {613--632}
}

@article{张雄2009无网格法的理论及应用,
  title = {无网格法的理论及应用},
  author = {{张雄} and {刘岩} and {马上}},
  year = {2009},
  journal = {力学进展},
  volume = {39},
  number = {1},
  pages = {1--36}
}

@article{朱志辉2021基于,
  title = {{{基于DIC技术和无网格法的裂尖应变场分析方法}}},
  author = {{朱志辉} and {冯乾朔} and {肖权清} and {罗思慧} and {王凡}},
  year = {2021},
  journal = {土木工程学报},
  volume = {54},
  number = {6},
  pages = {99--109}
}

@article{alehashem2008,
  title = {Behavior and {{Performance}} of {{Structures Equipped With ADAS}} \& {{TADAS Dampers}} (a {{Comparison}} with {{Conventional Structures}})},
  author = {Alehashem, Seyed Masoud Sajjadi and Keyhani, Ali and Pourmohammad, Hassan},
  year = {2008},
  langid = {english}
}

@article{alehashem2008a,
  title = {Behavior and {{Performance}} of {{Structures Equipped With ADAS}} \& {{TADAS Dampers}} (a {{Comparison}} with {{Conventional Structures}})},
  author = {Alehashem, Seyed Masoud Sajjadi and Keyhani, Ali and Pourmohammad, Hassan},
  year = {2008},
  langid = {english}
}

@article{auricchio2010a,
  title = {Isogeometric Collocation Methods},
  author = {Auricchio, F. and Da Veiga, L. Beir{\~a}o and Hughes, T. J. R. and Reali, A. and Sangalli, G.},
  year = {2010},
  month = nov,
  journal = {Mathematical Models and Methods in Applied Sciences},
  volume = {20},
  number = {11},
  pages = {2075--2107},
  publisher = {World Scientific Publishing Co.},
  issn = {0218-2025},
  keywords = {,B}
}

@article{babuska1997,
  title = {The Partition of Unity Method},
  author = {Babu{\v s}ka, I. and Melenk, J. M.},
  year = {1997},
  journal = {International Journal for Numerical Methods in Engineering},
  volume = {40},
  number = {4},
  pages = {727--758},
  issn = {1097-0207},
  copyright = {Copyright {\copyright} 1997 John Wiley \& Sons, Ltd.},
  langid = {english},
  keywords = {finite element method,finite element methods for highly oscillatory solutions,meshless finite element method}
}

@article{babuska2008,
  title = {Quadrature for Meshless Methods},
  author = {Babu{\v s}ka, Ivo and Banerjee, Uday and Osborn, John E. and Li, Qiaoluan},
  year = {2008},
  journal = {International Journal for Numerical Methods in Engineering},
  volume = {76},
  number = {9},
  pages = {1434--1470},
  issn = {1097-0207},
  langid = {english},
  keywords = {error estimates,Galerkin methods,meshless methods,quadrature,row sum condition}
}

@article{belytschko1994,
  title = {Element-free {{Galerkin}} Methods},
  author = {Belytschko, T. and Lu, Y. Y. and Gu, L.},
  year = {1994},
  journal = {International Journal for Numerical Methods in Engineering},
  volume = {37},
  number = {2},
  pages = {229--256},
  issn = {10970207},
  pmid = {10208278},
  keywords = {oft-cited}
}

@article{belytschkoMeshlessMethodsOverview1996b,
  title = {Meshless Methods: {{An}} Overview and Recent Developments},
  shorttitle = {Meshless Methods},
  author = {Belytschko, T. and Krongauz, Y. and Organ, D. and Fleming, M. and Krysl, P.},
  year = {1996},
  month = dec,
  journal = {Computer Methods in Applied Mechanics and Engineering},
  volume = {139},
  number = {1-4},
  pages = {3--47},
  issn = {0045-7825},
  langid = {english}
}

@article{CaoYang2020,
  title = {{无单元Galerkin方法施加本质边界条件研究进展}},
  author = {曹阳 and 陈莹婷 and 姚林泉},
  year = {2020},
  journal = {力学季刊},
  volume = {41},
  number = {4},
  pages = {591--612},
  publisher = {力学季刊},
  issn = {0254-0053},
  copyright = {http://creativecommons.org/licenses/by/3.0/},
  langid = {chinese}
}

@article{carpinteri2002,
  title = {The Partition of Unity Quadrature in Meshless Methods},
  author = {Carpinteri, A. and Ferro, Giuseppe and Ventura, Giulio},
  year = {2002},
  month = jul,
  journal = {International Journal for Numerical Methods in Engineering},
  volume = {54},
  pages = {987--1006}
}

@article{chen1996,
  title = {Reproducing {{Kernel Particle Methods}} for Large Deformation Analysis of Non-Linear Structures},
  author = {Chen, Jiun-Shyan and Pan, Chunhui and Wu, Cheng-Tang and Liu, Wing Kam},
  year = {1996},
  month = dec,
  journal = {Computer Methods in Applied Mechanics and Engineering},
  volume = {139},
  number = {1},
  pages = {195--227},
  issn = {0045-7825}
}

@article{chen2000,
  title = {New Boundary Condition Treatments in Meshfree Computation of Contact Problems},
  author = {Chen, Jiun-Shyan and Wang, Hui-Ping},
  year = {2000},
  month = jul,
  journal = {Computer Methods in Applied Mechanics and Engineering},
  volume = {187},
  number = {3},
  pages = {441--468},
  issn = {0045-7825}
}

@article{chen2001,
  title = {A Stabilized Conforming Nodal Integration for {{Galerkin}} Mesh-Free Methods},
  author = {Chen, Jiun-Shyan and Wu, Cheng-Tang and Yoon, Sangpil and You, Yang},
  year = {2001},
  journal = {International Journal for Numerical Methods in Engineering},
  volume = {50},
  number = {2},
  pages = {435--466},
  issn = {1097-0207},
  copyright = {Copyright {\copyright} 2001 John Wiley \& Sons, Ltd.},
  langid = {english},
  keywords = {element-free Galerkin,mesh-free,nodal integration,reproducing kernel,stabilization}
}

@article{chen2013,
  title = {An Arbitrary Order Variationally Consistent Integration for {{Galerkin}} Meshfree Methods},
  author = {Chen, Jiun-Shyan and Hillman, Michael and R{\"u}ter, Marcus},
  year = {2013},
  journal = {International Journal for Numerical Methods in Engineering},
  volume = {95},
  number = {5},
  pages = {387--418},
  issn = {1097-0207},
  copyright = {Copyright {\copyright} 2013 John Wiley \& Sons, Ltd.},
  langid = {english},
  keywords = {domain integration,integration constraint,meshfree methods,variationally consistent integration}
}

@article{chen2015,
  title = {The Complex Variable Reproducing Kernel Particle Method for the Analysis of {{Kirchhoff}} Plates},
  author = {Chen, L. and Cheng, Y. M. and Ma, H. P.},
  year = {2015},
  month = mar,
  journal = {Computational Mechanics},
  volume = {55},
  number = {3},
  pages = {591--602},
  issn = {1432-0924},
  langid = {english},
  keywords = {Complex variable reproducing kernel particle method,Kirchhoff plate,Meshless method,Reproducing kernel particle method}
}

@article{chen2017,
  title = {{Meshfree methods: Progress made after 20 Years}},
  author = {Chen, Jiun Shyan and Hillman, Michael and Chi, Sheng Wei},
  year = {2017},
  journal = {Journal of Engineering Mechanics},
  volume = {143},
  number = {4},
  pages = {04017001},
  issn = {0733-9399},
  langid = {English LB - Chen2017},
  keywords = {oft-cited}
}

@article{ChengYuMin2005,
  title = {{复变量移动最小二乘法及其应用}},
  author = {程玉民 and 彭妙娟 and 李九红},
  year = {2005},
  journal = {力学学报},
  volume = {37},
  number = {6},
  pages = {719--723},
  publisher = {力学学报},
  issn = {0459-1879},
  copyright = {http://creativecommons.org/licenses/by/3.0/},
  langid = {chinese}
}

@article{ChenJian2022,
  title = {{无网格动力分析的循环卷积神经网络代理模型}},
  author = {陈健 and 王东东 and 刘宇翔 and 陈俊},
  year = {2022},
  journal = {力学学报},
  volume = {54},
  number = {3},
  pages = {732--745},
  publisher = {《力学学报》编辑部},
  issn = {0459-1879},
  copyright = {http://creativecommons.org/licenses/by/3.0/},
  langid = {chinese}
}

@article{ChenXinXin2021,
  title = {{基于插值型无单元Galerkin法的复合材料层合板自由振动分析}},
  author = {陈莘莘 and 周文博 and 胡常福},
  year = {2021},
  journal = {应用力学学报},
  volume = {38},
  number = {3},
  pages = {1280--1285},
  publisher = {应用力学学报},
  copyright = {http://creativecommons.org/licenses/by/3.0/},
  langid = {chinese}
}

@article{chernBiochemicalElectrophoreticStudies1976,
  title = {Biochemical and Electrophoretic Studies of Erythrocyte Pyridoxine Kinase in White and Black {{Americans}}},
  author = {Chern, C. J. and Beutler, E.},
  year = {1976},
  month = jan,
  journal = {American Journal of Human Genetics},
  volume = {28},
  number = {1},
  pages = {9--17},
  issn = {0002-9297},
  langid = {english},
  pmcid = {PMC1684914},
  pmid = {2009},
  keywords = {Alleles,Black People,Erythrocytes,Gene Frequency,Genes,Hexokinase,Humans,Hydrogen-Ion Concentration,Pedigree,Phenotype,Phosphotransferases,Temperature,United States,White People}
}

@article{chernBiochemicalElectrophoreticStudies1976a,
  title = {Biochemical and Electrophoretic Studies of Erythrocyte Pyridoxine Kinase in White and Black {{Americans}}},
  author = {Chern, C. J. and Beutler, E.},
  year = {1976},
  month = jan,
  journal = {American Journal of Human Genetics},
  volume = {28},
  number = {1},
  pages = {9--17},
  issn = {0002-9297},
  langid = {english},
  pmcid = {PMC1684914},
  pmid = {2009},
  keywords = {Alleles,Black People,Erythrocytes,Gene Frequency,Genes,Hexokinase,Humans,Hydrogen-Ion Concentration,Pedigree,Phenotype,Phosphotransferases,Temperature,United States,White People}
}

@article{de2001,
  title = {The Method of Finite Spheres with Improved Numerical Integration},
  author = {De, Suvranu and Bathe, Klaus-J{\"u}rgen},
  year = {2001},
  month = sep,
  journal = {Computers \& Structures},
  volume = {79},
  number = {22},
  pages = {2183--2196},
  issn = {0045-7949}
}

@article{duan2012,
  title = {Second-Order Accurate Derivatives and Integration Schemes for Meshfree Methods},
  author = {Duan, Qinglin and Li, Xikui and Zhang, Hongwu and Belytschko, Ted},
  year = {2012},
  journal = {International Journal for Numerical Methods in Engineering},
  volume = {92},
  number = {4},
  pages = {399--424},
  issn = {1097-0207},
  copyright = {Copyright {\copyright} 2012 John Wiley \& Sons, Ltd.},
  langid = {english},
  keywords = {elasticity,finite element method,Galerkin,integration,meshfree,solids}
}

@article{duan2014,
  title = {Consistent Element-Free {{Galerkin}} Method},
  author = {Duan, Qinglin and Gao, Xin and Wang, Bingbing and Li, Xikui and Zhang, Hongwu and Belytschko, Ted and Shao, Yulong},
  year = {2014},
  journal = {International Journal for Numerical Methods in Engineering},
  volume = {99},
  number = {2},
  pages = {79--101},
  issn = {1097-0207},
  copyright = {Copyright {\copyright} 2014 John Wiley \& Sons, Ltd.},
  langid = {english},
  keywords = {consistency,EFG,element-free Galerkin method,meshfree,patch test,variation}
}

@article{fernandez-mendez2004,
  title = {Imposing Essential Boundary Conditions in Mesh-Free Methods},
  author = {{Fern{\'a}ndez-M{\'e}ndez}, Sonia and Huerta, Antonio},
  year = {2004},
  month = mar,
  journal = {Computer Methods in Applied Mechanics and Engineering},
  series = {Meshfree {{Methods}}: {{Recent Advances}} and {{New Applications}}},
  volume = {193},
  number = {12},
  pages = {1257--1275},
  issn = {0045-7825},
  keywords = {Coupling with finite elements,Essential boundary conditions,Lagrange multipliers,Mesh-free methods,Nitsche's method}
}

@article{GaoXiaoWei2019,
  title = {{自由单元法及其在结构分析中的应用}},
  author = {高效伟 and 徐兵兵 and 吕军 and 彭海峰},
  year = {2019},
  journal = {力学学报},
  volume = {51},
  number = {3},
  pages = {703--713},
  publisher = {力学学报},
  issn = {0459-1879},
  copyright = {http://creativecommons.org/licenses/by/3.0/},
  langid = {chinese}
}

@article{GaoXin2018,
  title = {{裂纹问题的一致性高阶无网格法}},
  author = {高欣 and 段庆林 and 李书卉 and 陈飙松},
  year = {2018},
  journal = {计算力学学报},
  number = {3},
  pages = {275--282},
  publisher = {计算力学学报},
  issn = {1007-4708},
  copyright = {http://creativecommons.org/licenses/by/3.0/},
  langid = {chinese}
}

@article{gingold1977,
  title = {Smoothed Particle Hydrodynamics: Theory and Application to Non-Spherical Stars},
  shorttitle = {Smoothed Particle Hydrodynamics},
  author = {Gingold, R. A. and Monaghan, J. J.},
  year = {1977},
  month = dec,
  journal = {Monthly Notices of the Royal Astronomical Society},
  volume = {181},
  number = {3},
  pages = {375--389},
  issn = {0035-8711}
}

@article{gomez2016,
  title = {The Variational Collocation Method},
  author = {Gomez, Hector and Lorenzis, Laura De},
  year = {2016},
  journal = {Computer Methods in Applied Mechanics and Engineering},
  volume = {309},
  pages = {152--181},
  keywords = {Collocation method,Galerkin method,Isogeometric analysis,Meshfree method,Variational collocation}
}

@article{hillman2021,
  title = {Consistent Weak Forms for Meshfree Methods: {{Full}} Realization of h-Refinement, p-Refinement, and a-Refinement in Strong-Type Essential Boundary Condition Enforcement},
  shorttitle = {Consistent Weak Forms for Meshfree Methods},
  author = {Hillman, Michael and Lin, Kuan-Chung},
  year = {2021},
  journal = {Computer Methods in Applied Mechanics and Engineering},
  volume = {373},
  pages = {113448},
  issn = {0045-7825},
  keywords = {Essential boundary conditions,Meshfree methods,Refinement,Transformation method}
}

@article{houshmand-sarvestani2023,
  title = {Numerical Assessment of the Effects of {{ADAS}} Yielding Metallic Dampers on the Structural Behavior of Steel Shear Walls ({{SSWs}})},
  author = {{Houshmand-Sarvestani}, Alireza and Totonchi, Arash and Shahmohammadi, Mohammad Amin and Salehipour, Hamzeh},
  year = {2023},
  month = mar,
  journal = {Mechanics Based Design of Structures and Machines},
  volume = {51},
  number = {3},
  pages = {1626--1644},
  publisher = {Taylor \& Francis},
  issn = {1539-7734},
  keywords = {finite element simulations,hysteretic performance,metallic dampers,pinching phenomenon,steel shear walls (SSWs),Steel-plate added damping and stiffness (ADAS)}
}

@article{HuangJuan2007,
  title = {{改进广义移动最小二乘近似的无网格法}},
  author = {黄娟 and 姚林泉},
  year = {2007},
  journal = {力学季刊},
  volume = {28},
  number = {3},
  pages = {461--470},
  publisher = {力学季刊},
  issn = {0254-0053},
  copyright = {http://creativecommons.org/licenses/by/3.0/},
  langid = {chinese}
}

@book{hughes2000,
  title = {The {{Finite Element Method}}: {{Linear Static}} and {{Dynamic Finite Element Analysis}}},
  author = {Hughes, Thomas J.R.},
  year = {2000},
  publisher = {Dover Publications},
  keywords = {oft-cited,significant}
}

@article{kaljevic1997,
  title = {An Improved Element Free {{Galerkin}} Formulation},
  author = {Kaljevi{\'c}, Igor and Saigal, Sunil},
  year = {1997},
  journal = {International Journal for Numerical Methods in Engineering},
  volume = {40},
  number = {16},
  pages = {2953--2974},
  issn = {1097-0207},
  copyright = {Copyright {\copyright} 1997 John Wiley \& Sons, Ltd.},
  langid = {english},
  keywords = {cell subdivision,interpolation functions,variable domain of influence}
}

@article{kim2016,
  title = {Experimental Study of Using Cantilever Type Steel Plates for Passive Energy Dissipation},
  author = {Kim, Young J. and Ahn, Tae-Sang and Bae, Jae-Hoon and Oh, Sang-Hoon},
  year = {2016},
  month = sep,
  journal = {International Journal of Steel Structures},
  volume = {16},
  number = {3},
  pages = {959--974},
  issn = {2093-6311},
  langid = {english},
  keywords = {component test,energy dissipation,hysteretic behavior,passive control,steel damper}
}

@article{koester2019,
  title = {Conforming Window Functions for Meshfree Methods},
  author = {Koester, Jacob J. and Chen, Jiun-Shyan},
  year = {2019},
  journal = {Computer Methods in Applied Mechanics and Engineering},
  volume = {347},
  pages = {588--621},
  issn = {0045-7825},
  keywords = {Conforming window functions,Meshfree methods,Rapid design-to-analysis}
}

@article{LianYanPing2013,
  title = {{物质点法的理论和应用}},
  author = {廉艳平 and 张帆 and 刘岩 and 张雄},
  year = {2013},
  journal = {力学进展},
  volume = {43},
  number = {2},
  pages = {237--264},
  publisher = {力学进展},
  issn = {1000-0992},
  copyright = {http://creativecommons.org/licenses/by/3.0/},
  langid = {chinese}
}

@article{liu1995,
  title = {Reproducing Kernel Particle Methods},
  author = {Liu, Wing Kam and Jun, Sukky and Zhang, Yi Fei},
  year = {1995},
  journal = {International Journal for Numerical Methods in Fluids},
  volume = {20},
  number = {8-9},
  pages = {1081--1106},
  issn = {0271-2091},
  keywords = {oft-cited}
}

@article{liu2006,
  title = {A Meshfree {{Hermite-type}} Radial Point Interpolation Method for {{Kirchhoff}} Plate Problems},
  author = {Liu, Y. and Hon, Y. C. and Liew, K. M.},
  year = {2006},
  journal = {International Journal for Numerical Methods in Engineering},
  volume = {66},
  number = {7},
  pages = {1153--1178},
  issn = {1097-0207},
  copyright = {Copyright {\copyright} 2005 John Wiley \& Sons, Ltd.},
  langid = {english},
  keywords = {Hermite,Kirchhoff plate,meshfree method,point interpolation,radial basis function}
}

@book{liu2009,
  title = {Meshfree {{Methods}}: {{Moving Beyond}} the {{Finite Element Method}}({{Second Edition}})},
  shorttitle = {Meshfree {{Methods}}},
  author = {Liu, G. R.},
  year = {2009},
  month = oct,
  publisher = {CRC Press},
  isbn = {978-0-429-13946-8}
}

@article{liu2019,
  title = {The Interpolating Element-Free {{Galerkin}} ({{IEFG}}) Method for Three-Dimensional Potential Problems},
  author = {Liu, D. and Cheng, Y. M.},
  year = {2019},
  month = nov,
  journal = {Engineering Analysis with Boundary Elements},
  volume = {108},
  pages = {115--123},
  issn = {0955-7997},
  keywords = {Improved interpolating moving least-squares method,Interpolating element-free Galerkin method,Meshless method,Potential problem}
}

@article{LiuYuXiang2021,
  title = {{基于卷积神经网络的无网格形函数影响域优化研究}},
  author = {刘宇翔 and 王东东 and 樊礼恒 and 陈健 and 侯松阳},
  year = {2021},
  journal = {固体力学学报},
  volume = {42},
  number = {3},
  pages = {302--319},
  publisher = {固体力学学报},
  issn = {0254-7805},
  copyright = {http://creativecommons.org/licenses/by/3.0/},
  langid = {chinese}
}

@article{LiYuDong2022,
  title = {{功能梯度碳纳米管增强复合材料板弯曲和模态的广义有限差分法}},
  author = {李煜冬 and 傅卓佳 and 汤卓超},
  year = {2022},
  journal = {力学学报},
  volume = {54},
  number = {2},
  pages = {414--424},
  publisher = {力学学报},
  issn = {0459-1879},
  copyright = {http://creativecommons.org/licenses/by/3.0/},
  langid = {chinese}
}

@article{long2002,
  title = {A {{Meshless Local Petrov-Galerkin Method}} for {{Solving}} the {{Bending Problem}} of a {{Thin Plate}}},
  author = {Long, Shuyao and Atluri, S N},
  year = {2002},
  journal = {Computer Modeling in Engineering \& Sciences},
  volume = {3},
  number = {1},
  pages = {53--63},
  langid = {english}
}

@article{lu1994,
  title = {A New Implementation of the Element Free {{Galerkin}} Method},
  author = {Lu, Y. Y. and Belytschko, T. and Gu, L.},
  year = {1994},
  month = mar,
  journal = {Computer Methods in Applied Mechanics and Engineering},
  volume = {113},
  number = {3},
  pages = {397--414},
  issn = {0045-7825}
}

@article{melenk1996,
  title = {The Partition of Unity Finite Element Method: {{Basic}} Theory and Applications},
  shorttitle = {The Partition of Unity Finite Element Method},
  author = {Melenk, J. M. and Babu{\v s}ka, I.},
  year = {1996},
  month = dec,
  journal = {Computer Methods in Applied Mechanics and Engineering},
  volume = {139},
  number = {1},
  pages = {289--314},
  issn = {0045-7825}
}

@article{millan2011,
  title = {Thin Shell Analysis from Scattered Points with Maximum-Entropy Approximants},
  author = {Mill{\'a}n, D. and Rosolen, A. and Arroyo, M.},
  year = {2011},
  journal = {International Journal for Numerical Methods in Engineering},
  volume = {85},
  number = {6},
  pages = {723--751},
  issn = {1097-0207},
  copyright = {Copyright {\copyright} 2010 John Wiley \& Sons, Ltd.},
  langid = {english},
  keywords = {maximum-entropy approximants,meshfree methods,point-set surfaces,thin shells}
}

@article{mohammadi2017,
  title = {{{TADAS}} Dampers in Very Large Deformations},
  author = {Mohammadi, Reza Karami and Nasri, Arman and Ghaffary, Azin},
  year = {2017},
  month = jun,
  journal = {International Journal of Steel Structures},
  volume = {17},
  number = {2},
  pages = {515--524},
  issn = {2093-6311},
  langid = {english},
  keywords = {improper geometric characteristic,large deformations,simulation,structural damage,TADAS damper,test}
}

@article{nagevadiya2019,
  title = {Galerkin {{Meshfree Methods}}: {{A Review}} and {{Mathematical Implementation Aspects}}},
  shorttitle = {Galerkin {{Meshfree Methods}}},
  author = {Nagevadiya, Bhaumik and Vaghasia, Bhavik and Rachchh, Nikunj and Bhoraniya, Ramesh},
  year = {2019},
  journal = {International Journal of Applied and Computational Mathematics},
  volume = {5},
  pages = {94--105}
}

@article{nayroles1992,
  title = {Generalizing the Finite Element Method: {{Diffuse}} Approximation and Diffuse Elements},
  shorttitle = {Generalizing the Finite Element Method},
  author = {Nayroles, B. and Touzot, G. and Villon, P.},
  year = {1992},
  month = sep,
  journal = {Computational Mechanics},
  volume = {10},
  number = {5},
  pages = {307--318},
  issn = {1432-0924},
  langid = {english},
  keywords = {Approximation Method,Differential Equation,Finite Element Method,Information Theory,Partial Differential Equation}
}

@article{nguyen2008,
  title = {Meshless Methods: {{A}} Review and Computer Implementation Aspects},
  shorttitle = {Meshless Methods},
  author = {Nguyen, Vinh Phu and Rabczuk, Timon and Bordas, St{\'e}phane and Duflot, Marc},
  year = {2008},
  month = dec,
  journal = {Mathematics and Computers in Simulation},
  volume = {79},
  number = {3},
  pages = {763--813},
  issn = {0378-4754},
  keywords = {Computer implementation,Extrinsic discontinuities,Intrinsic enrichment,MATLAB,Meshless methods}
}

@article{oh2012,
  title = {Meshfree Particle Methods for Thin Plates},
  author = {Oh, Hae-Soo and Davis, Christopher and Jeong, Jae Woo},
  year = {2012},
  month = feb,
  journal = {Computer Methods in Applied Mechanics and Engineering},
  volume = {209--212},
  pages = {156--171},
  issn = {0045-7825},
  keywords = {Generalized product partition of unity,Kirchhoff plate model,Meshfree methods,Partition of unity function with flat-top,Reproducing polynomial particle shape functions}
}

@article{ou1998,
  title = {Performance {{Comparison}} of {{Passive Energy Dissipation Systems}} in {{Structural Applications}} -- {{I}}: {{Linear Reference System}}},
  shorttitle = {Performance {{Comparison}} of {{Passive Energy Dissipation Systems}} in {{Structural Applications}} -- {{I}}},
  author = {Ou, Jin-Ping and Wu, Bo and Soong, T.T.},
  year = {1998},
  month = oct,
  journal = {Advances in Structural Engineering},
  volume = {1},
  number = {4},
  pages = {237--259},
  publisher = {SAGE Publications Ltd STM},
  issn = {1369-4332},
  langid = {english}
}

@article{rohit2020,
  title = {Coupling of {{Finite Element}} and {{Meshfree Method}} for {{Structure Mechanics Application}}: {{A Review}}},
  shorttitle = {Coupling of {{Finite Element}} and {{Meshfree Method}} for {{Structure Mechanics Application}}},
  author = {Rohit, Gaurang and Prajapati, Jagdish and Patel, Vikram},
  year = {2020},
  journal = {International Journal of Computational Methods},
  volume = {17},
  number = {4},
  pages = {1850151}
}

@article{shih2005,
  title = {A Model for Hysteretic Behavior of Rhombic Low Yield Strength Steel Added Damping and Stiffness},
  author = {Shih, Ming-Hsiang and Sung, Wen-Pei},
  year = {2005},
  month = may,
  journal = {Computers \& Structures},
  volume = {83},
  number = {12-13},
  pages = {895--908},
  issn = {00457949},
  langid = {english}
}

@article{sriram2021,
  title = {Review on the Local Weak Form-Based Meshless Method ({{MLPG}}): {{Developments}} and {{Applications}} in {{Ocean Engineering}}},
  shorttitle = {Review on the Local Weak Form-Based Meshless Method ({{MLPG}})},
  author = {Sriram, V. and Ma, Q. W.},
  year = {2021},
  month = nov,
  journal = {Applied Ocean Research},
  volume = {116},
  pages = {102883},
  issn = {0141-1187},
  keywords = {floating body,Local weak form,meshfree method,MLPG_R,particle method,variable spaced approach,violent wave breaking,wave - structure interactions,wave-elastic structure interactions}
}

@book{stein2018,
  title = {Encyclopedia of {{Computational Mechanics}} ({{Second Edition}})},
  author = {Stein, Erwin and {de Borst}, Ren{\'e} and Hughes, Thomas J R},
  year = {2018},
  publisher = {John Wiley \& Sons Inc}
}

@article{strouboulis2001,
  title = {The Generalized Finite Element Method},
  author = {Strouboulis, T. and Copps, K. and Babu{\v s}ka, I.},
  year = {2001},
  month = may,
  journal = {Computer Methods in Applied Mechanics and Engineering},
  volume = {190},
  number = {32},
  pages = {4081--4193},
  issn = {0045-7825},
  keywords = {Adaptive quadrature,Generalized finite element method,Handbook functions,Hybrid,Meshfree,Meshless,Numerical integration}
}

@article{sukumar1998,
  title = {The Natural Element Method in Solid Mechanics},
  author = {Sukumar, N. and Moran, B. and Belytschko, T.},
  year = {1998},
  journal = {International Journal for Numerical Methods in Engineering},
  volume = {43},
  number = {5},
  pages = {839--887},
  issn = {1097-0207},
  copyright = {Copyright {\copyright} 1998 John Wiley \& Sons, Ltd.},
  langid = {english},
  keywords = {1st- and 2nd-order Voronoi diagrams,Delaunay triangle,elastostatics,natural element method,natural neighbour interpolation}
}

@article{sung2005,
  title = {A Model for Hysteretic Behavior of Rhombic Low Yield Strength Steel Added Damping and Stiffness},
  author = {Sung, Wen-Pei},
  year = {2005},
  month = jan,
  journal = {Computers \&amp; Structures}
}

@article{TanXianYun2011,
  title = {{边界面法分析三维实体线弹性问题}},
  author = {覃先云 and 张见明 and 李光耀 and 张正},
  year = {2011},
  journal = {固体力学学报},
  volume = {32},
  number = {5},
  pages = {500--506},
  publisher = {固体力学学报},
  issn = {0254-7805},
  copyright = {http://creativecommons.org/licenses/by/3.0/},
  langid = {chinese}
}

@article{tena-colunga1997,
  title = {Mathematical Modelling of the {{ADAS}} Energy Dissipation Device},
  author = {{Tena-Colunga}, Arturo},
  year = {1997},
  month = oct,
  journal = {Engineering Structures},
  volume = {19},
  number = {10},
  pages = {811--821},
  issn = {0141-0296},
  keywords = {ADAS device,energy dissipation,flexibility method,mathematical modelling,nonprismatic elements,stiffness}
}

@article{terenzi2023,
  title = {Stiffening Effects-Controlling Sizing Procedure of {{ADAS}} Dampers in Seismic Retrofit of Frame Structures},
  author = {Terenzi, Gloria and Sorace, Stefano and Fuso, Elena},
  year = {2023},
  month = jan,
  journal = {Frontiers in Built Environment},
  volume = {9}
}

@article{thai2016,
  title = {An Improved Moving {{Kriging}} Meshfree Method for Plate Analysis Using a Refined Plate Theory},
  author = {Thai, Chien H. and Nguyen, Tan N. and Rabczuk, T. and {Nguyen-Xuan}, H.},
  year = {2016},
  journal = {Computers \& Structures},
  volume = {176},
  pages = {34--49},
  issn = {0045-7949},
  keywords = {Isogeometric analysis,Meshfree method,Moving Kriging interpolation,Two-variable refined plate theory}
}

@book{ventsel2002,
  title = {Thin {{Plates}} and {{Shells}}: {{Theory}}, {{Analysis}}, and {{Applications}}},
  author = {Ventsel, E and Krauthammer, T and Carrera, E},
  year = {2002},
  publisher = {CRC Press}
}

@article{wang2014,
  title = {A Consistently Coupled Isogeometric--Meshfree Method},
  author = {Wang, Dongdong and Zhang, Hanjie},
  year = {2014},
  journal = {Computer Methods in Applied Mechanics and Engineering},
  volume = {268},
  pages = {843--870},
  issn = {0045-7825},
  keywords = {Coupled isogeometric-meshfree approximation,Isogeometric analysis,Meshfree method,Mixed reproducing point vector,Reproducing conditions}
}

@article{wang2015,
  title = {A {{Boundary Enhancement}} for the {{Stabilized Conforming Nodal Integration}} of {{Galerkin Meshfree Methods}}},
  author = {Wang, Dongdong and Sun, Ming and Xie, Pinkang},
  year = {2015},
  journal = {International Journal of Computational Methods},
  volume = {12},
  number = {2},
  pages = {1550009},
  issn = {0219-8762, 1793-6969},
  langid = {english}
}

@article{wang2016,
  title = {An Efficient Nesting Sub-Domain Gradient Smoothing Integration Algorithm with Quadratic Exactness for {{Galerkin}} Meshfree Methods},
  author = {Wang, Dongdong and Wu, Junchao},
  year = {2016},
  journal = {Computer Methods in Applied Mechanics and Engineering},
  volume = {298},
  pages = {485--519},
  issn = {0045-7825},
  keywords = {Gradient smoothing,Meshfree methods,Nesting sub-domains,Numerical integration,Quadratic exactness}
}

@article{wang2018a,
  title = {Superconvergent Gradient Smoothing Meshfree Collocation Method},
  author = {Wang, Dongdong and Wang, Jiarui and Wu, Junchao},
  year = {2018},
  month = oct,
  journal = {Computer Methods in Applied Mechanics and Engineering},
  volume = {340},
  pages = {728--766},
  issn = {0045-7825},
  keywords = {Collocation,Consistency condition,Gradient smoothing,Meshfree method,Superconvergence}
}

@article{wang2019,
  title = {An Inherently Consistent Reproducing Kernel Gradient Smoothing Framework toward Efficient {{Galerkin}} Meshfree Formulation with Explicit Quadrature},
  author = {Wang, Dongdong and Wu, Junchao},
  year = {2019},
  journal = {Computer Methods in Applied Mechanics and Engineering},
  volume = {349},
  pages = {628--672},
  issn = {0045-7825},
  keywords = {Efficiency,Higher order basis function,Integration consistency,Meshfree method,Numerical integration,Reproducing kernel gradient smoothing}
}

@article{wang2020,
  title = {Arbitrary Order Recursive Formulation of Meshfree Gradients with Application to Superconvergent Collocation Analysis of {{Kirchhoff}} Plates},
  author = {Wang, Dongdong and Wang, Jiarui and Wu, Junchao},
  year = {2020},
  journal = {Computational Mechanics},
  volume = {65},
  number = {3},
  pages = {877--903},
  keywords = {Extra high order consistency condition,Kirchhoff plate,Meshfree collocation method,Recursive meshfree gradient,Superconvergence}
}

@article{wang2021,
  title = {A Gradient Reproducing Kernel Based Stabilized Collocation Method for the Static and Dynamic Problems of Thin Elastic Beams and Plates},
  author = {Wang, Lihua and Liu, Yijia and Zhou, Yueting and Yang, Fan},
  year = {2021},
  journal = {Computational Mechanics},
  volume = {68},
  number = {4},
  pages = {709--739},
  issn = {0178-7675, 1432-0924},
  langid = {english}
}

@article{wang2023,
  title = {A Consistent Projection Integration for {{Galerkin}} Meshfree Methods},
  author = {Wang, Junfeng and Ren, Xiaodan},
  year = {2023},
  journal = {Computer Methods in Applied Mechanics and Engineering},
  volume = {414},
  pages = {116143},
  issn = {0045-7825},
  keywords = {Integration consistency,Meshfree method,Numerical integration}
}

@article{WangBingBing2019,
  title = {{薄板弯曲分析的节点积分高阶无网格法}},
  author = {王冰冰 and 段庆林 and 李书卉 and 杨迪雄},
  year = {2019},
  journal = {计算力学学报},
  volume = {36},
  number = {1},
  pages = {103--109},
  publisher = {计算力学学报},
  issn = {1007-4708},
  copyright = {http://creativecommons.org/licenses/by/3.0/},
  langid = {chinese}
}

@book{whittaker1988,
  title = {Earthquake {{Simulator Testing}} of {{Steel Plate Added Damping}} and {{Stiffness Elements}}},
  author = {Whittaker, Andrew and Bertero, Vitelmo and Alonso, Javier and Thompson, Chris},
  year = {1988},
  month = dec
}

@book{whittaker1988a,
  title = {Earthquake {{Simulator Testing}} of {{Steel Plate Added Damping}} and {{Stiffness Elements}}},
  author = {Whittaker, Andrew and Bertero, Vitelmo and Alonso, Javier and Thompson, Chris},
  year = {1988},
  month = dec
}

@article{whittaker1991,
  title = {Seismic {{Testing}} of {{Steel Plate Energy Dissipation Devices}}},
  author = {Whittaker, Andrew S. and Bertero, Vitelmo V. and Thompson, Christopher L. and Alonso, L. Javier},
  year = {1991},
  month = nov,
  journal = {Earthquake Spectra},
  volume = {7},
  number = {4},
  pages = {563--604},
  issn = {8755-2930, 1944-8201},
  langid = {english}
}

@article{wu2021,
  title = {An Accuracy Analysis of {{Galerkin}} Meshfree Methods Accounting for Numerical Integration},
  author = {Wu, Junchao and Wang, Dongdong},
  year = {2021},
  month = mar,
  journal = {Computer Methods in Applied Mechanics and Engineering},
  volume = {375},
  pages = {113631},
  issn = {0045-7825},
  keywords = {Error estimate,Galerkin orthogonality,Integration consistency,Meshfree method,Numerical integration,Reproducing kernel gradient smoothing integration}
}

@article{Wu2022,
  title = {基于赫林格-赖斯纳变分原理的一致高效无网格本质边界条件施加方法},
  author = {吴, 俊超 and 吴, 新瑜 and 赵, 珧冰 and 王, 东东},
  year = {2022},
  month = dec,
  journal = {力学学报},
  volume = {54},
  number = {12},
  pages = {3283--3296},
  issn = {0459-1879}
}

@article{wu2023,
  title = {A Rotation-Free {{Hellinger-Reissner}} Meshfree Thin Plate Formulation Naturally Accommodating Essential Boundary Conditions},
  author = {Wu, Junchao and Wu, Xinyu and Zhao, Yaobing and Wang, Dongdong},
  year = {2023},
  month = sep,
  journal = {Engineering Analysis with Boundary Elements},
  volume = {154},
  pages = {122--140},
  issn = {0955-7997}
}

@article{WuJunChao2016,
  title = {{伽辽金型无网格法的数值积分方法}},
  author = {吴俊超 and 邓俊俊 and 王家睿 and 王东东},
  year = {2016},
  journal = {固体力学学报},
  volume = {37},
  number = {3},
  pages = {208--233},
  publisher = {固体力学学报},
  issn = {0254-7805},
  copyright = {http://creativecommons.org/licenses/by/3.0/},
  langid = {chinese}
}

@article{yreux2017,
  title = {A Quasi-Linear Reproducing Kernel Particle Method},
  author = {Yreux, Edouard and Chen, Jiun-Shyan},
  year = {2017},
  journal = {International Journal for Numerical Methods in Engineering},
  volume = {109},
  number = {7},
  pages = {1045--1064},
  issn = {1097-0207},
  copyright = {Copyright {\copyright} 2016 John Wiley \& Sons, Ltd.},
  langid = {english},
  keywords = {kernel stability,meshfree methods,quasi-linear approximation,reproducing kernel particle method,semi-Lagrangian}
}

@article{ZhangXiong2017,
  title = {{极端变形问题的物质点法研究进展}},
  author = {张雄 and 刘岩 and 张帆 and 陈镇鹏},
  year = {2017},
  journal = {计算力学学报},
  volume = {34},
  number = {1},
  pages = {1--16},
  publisher = {计算力学学报},
  issn = {1007-4708},
  copyright = {http://creativecommons.org/licenses/by/3.0/},
  langid = {chinese}
}

@article{zhu1998,
  title = {A Modified Collocation Method and a Penalty Formulation for Enforcing the Essential Boundary Conditions in the Element Free {{Galerkin}} Method},
  author = {Zhu, Tulong and Atluri, S.},
  year = {1998},
  journal = {Computational Mechanics},
  volume = {21},
  pages = {211--222}
}

@misc{zotero-542,
  title = {Seismic {{Testing}} of {{Steel Plate Energy Dissipation Devices}} - {{Andrew S}}. {{Whittaker}}, {{Vitelmo V}}. {{Bertero}}, {{Christopher L}}. {{Thompson}}, {{L}}. {{Javier Alonso}}, 1991},
  howpublished = {https://journals.sagepub.com/doi/abs/10.1193/1.1585644?download=true\&journalCode=eqsa}
}
