@article{1977A,
  title = {A Numerical Approach to the Testing of the Fission Hypothesis},
  author = {Lucy, Lb},
  year = {1977},
  journal = {Astrophys Journal},
  volume = {8},
  number = {12},
  pages = {1013--1024}
}

@article{1999Numerical,
  title = {Numerical Integration of the {{Galerkin}} Weak Form in Meshfree Methods},
  author = {Dolbow, John and Belytschko, Ted},
  year = {1999},
  journal = {Computational Mechanics},
  volume = {23},
  number = {3},
  pages = {219--230}
}

@book{2014Computer,
  title = {Computer Procedures for Finite Element Analysis},
  author = {Zienkiewicz, O. C. and Taylor, R. L. and Fox, David},
  year = {2014},
  publisher = {{The Finite Element Method for Solid and Structural Mechanics}}
}

@article{deng2019,
  title = {薄板分析的线性基梯度光滑伽辽金无网格法},
  author = {{邓立克} and {王东东} and {王家睿} and {吴俊超}},
  year = {2019},
  journal = {力学学报},
  volume = {51},
  number = {3},
  pages = {690--702}
}

@book{钱伟长1985广义变分原理,
  title = {广义变分原理},
  author = {{钱伟长}},
  year = {1985},
  publisher = {知识出版社}
}

@article{wang2021b,
  title = {配点型无网格法理论和研究进展},
  author = {{王莉华} and {阮剑武}},
  year = {2021},
  journal = {力学季刊},
  volume = {42},
  number = {4},
  pages = {613--632}
}

@article{zhang2009,
  title = {无网格法的理论及应用},
  author = {{张雄} and {刘岩} and {马上}},
  year = {2009},
  journal = {力学进展},
  volume = {39},
  number = {1},
  pages = {1--36}
}

@article{zhu2021,
  title = {{{基于DIC技术和无网格法的裂尖应变场分析方法}}},
  author = {{朱志辉} and {冯乾朔} and {肖权清} and {罗思慧} and {王凡}},
  year = {2021},
  journal = {土木工程学报},
  volume = {54},
  number = {6},
  pages = {99--109}
}

@article{babuska1997,
  title = {The Partition of Unity Method},
  author = {Babu{\v s}ka, I. and Melenk, J. M.},
  year = {1997},
  journal = {International Journal for Numerical Methods in Engineering},
  volume = {40},
  number = {4},
  pages = {727--758},
  issn = {1097-0207},
  copyright = {Copyright {\copyright} 1997 John Wiley \& Sons, Ltd.},
  langid = {english},
  keywords = {finite element method,finite element methods for highly oscillatory solutions,meshless finite element method}
}

@article{babuska2008,
  title = {Quadrature for Meshless Methods},
  author = {Babu{\v s}ka, Ivo and Banerjee, Uday and Osborn, John E. and Li, Qiaoluan},
  year = {2008},
  journal = {International Journal for Numerical Methods in Engineering},
  volume = {76},
  number = {9},
  pages = {1434--1470},
  issn = {1097-0207},
  langid = {english},
  keywords = {error estimates,Galerkin methods,meshless methods,quadrature,row sum condition}
}

@article{belytschko1994,
  title = {Element-free {{Galerkin}} Methods},
  author = {Belytschko, T. and Lu, Y. Y. and Gu, L.},
  year = {1994},
  journal = {International Journal for Numerical Methods in Engineering},
  volume = {37},
  number = {2},
  pages = {229--256},
  issn = {10970207},
  pmid = {10208278},
  keywords = {oft-cited}
}

@article{belytschkoMeshlessMethodsOverview1996b,
  title = {Meshless Methods: {{An}} Overview and Recent Developments},
  shorttitle = {Meshless Methods},
  author = {Belytschko, T. and Krongauz, Y. and Organ, D. and Fleming, M. and Krysl, P.},
  year = {1996},
  month = dec,
  journal = {Computer Methods in Applied Mechanics and Engineering},
  volume = {139},
  number = {1-4},
  pages = {3--47},
  issn = {0045-7825},
  langid = {english}
}

@article{CaoYang2020,
  title = {{无单元Galerkin方法施加本质边界条件研究进展}},
  author = {曹阳 and 陈莹婷 and 姚林泉},
  year = {2020},
  journal = {力学季刊},
  volume = {41},
  number = {4},
  pages = {591--612},
  publisher = {力学季刊},
  issn = {0254-0053},
  copyright = {http://creativecommons.org/licenses/by/3.0/},
  langid = {chinese}
}

@article{chen1996,
  title = {Reproducing {{Kernel Particle Methods}} for Large Deformation Analysis of Non-Linear Structures},
  author = {Chen, Jiun-Shyan and Pan, Chunhui and Wu, Cheng-Tang and Liu, Wing Kam},
  year = {1996},
  month = dec,
  journal = {Computer Methods in Applied Mechanics and Engineering},
  volume = {139},
  number = {1},
  pages = {195--227},
  issn = {0045-7825}
}

@article{chen2000,
  title = {New Boundary Condition Treatments in Meshfree Computation of Contact Problems},
  author = {Chen, Jiun-Shyan and Wang, Hui-Ping},
  year = {2000},
  month = jul,
  journal = {Computer Methods in Applied Mechanics and Engineering},
  volume = {187},
  number = {3},
  pages = {441--468},
  issn = {0045-7825}
}

@article{chen2001,
  title = {A Stabilized Conforming Nodal Integration for {{Galerkin}} Mesh-Free Methods},
  author = {Chen, Jiun-Shyan and Wu, Cheng-Tang and Yoon, Sangpil and You, Yang},
  year = {2001},
  journal = {International Journal for Numerical Methods in Engineering},
  volume = {50},
  number = {2},
  pages = {435--466},
  issn = {1097-0207},
  copyright = {Copyright {\copyright} 2001 John Wiley \& Sons, Ltd.},
  langid = {english},
  keywords = {element-free Galerkin,mesh-free,nodal integration,reproducing kernel,stabilization}
}

@article{chen2013,
  title = {An Arbitrary Order Variationally Consistent Integration for {{Galerkin}} Meshfree Methods},
  author = {Chen, Jiun-Shyan and Hillman, Michael and R{\"u}ter, Marcus},
  year = {2013},
  journal = {International Journal for Numerical Methods in Engineering},
  volume = {95},
  number = {5},
  pages = {387--418},
  issn = {1097-0207},
  copyright = {Copyright {\copyright} 2013 John Wiley \& Sons, Ltd.},
  langid = {english},
  keywords = {domain integration,integration constraint,meshfree methods,variationally consistent integration}
}

@article{chen2015,
  title = {The Complex Variable Reproducing Kernel Particle Method for the Analysis of {{Kirchhoff}} Plates},
  author = {Chen, L. and Cheng, Y. M. and Ma, H. P.},
  year = {2015},
  month = mar,
  journal = {Computational Mechanics},
  volume = {55},
  number = {3},
  pages = {591--602},
  issn = {1432-0924},
  langid = {english},
  keywords = {Complex variable reproducing kernel particle method,Kirchhoff plate,Meshless method,Reproducing kernel particle method}
}

@article{chen2017,
  title = {{Meshfree methods: Progress made after 20 Years}},
  author = {Chen, Jiun Shyan and Hillman, Michael and Chi, Sheng Wei},
  year = {2017},
  journal = {Journal of Engineering Mechanics},
  volume = {143},
  number = {4},
  pages = {04017001},
  issn = {0733-9399},
  langid = {English LB - Chen2017},
  keywords = {oft-cited}
}

@article{ChengYuMin2005,
  title = {{复变量移动最小二乘法及其应用}},
  author = {程玉民 and 彭妙娟 and 李九红},
  year = {2005},
  journal = {力学学报},
  volume = {37},
  number = {6},
  pages = {719--723},
  publisher = {力学学报},
  issn = {0459-1879},
  copyright = {http://creativecommons.org/licenses/by/3.0/},
  langid = {chinese}
}

@article{ChenJian2022,
  title = {{无网格动力分析的循环卷积神经网络代理模型}},
  author = {陈健 and 王东东 and 刘宇翔 and 陈俊},
  year = {2022},
  journal = {力学学报},
  volume = {54},
  number = {3},
  pages = {732--745},
  publisher = {《力学学报》编辑部},
  issn = {0459-1879},
  copyright = {http://creativecommons.org/licenses/by/3.0/},
  langid = {chinese}
}

@article{ChenXinXin2021,
  title = {{基于插值型无单元Galerkin法的复合材料层合板自由振动分析}},
  author = {陈莘莘 and 周文博 and 胡常福},
  year = {2021},
  journal = {应用力学学报},
  volume = {38},
  number = {3},
  pages = {1280--1285},
  publisher = {应用力学学报},
  copyright = {http://creativecommons.org/licenses/by/3.0/},
  langid = {chinese}
}

@article{de2001,
  title = {The Method of Finite Spheres with Improved Numerical Integration},
  author = {De, Suvranu and Bathe, Klaus-J{\"u}rgen},
  year = {2001},
  month = sep,
  journal = {Computers \& Structures},
  volume = {79},
  number = {22},
  pages = {2183--2196},
  issn = {0045-7949}
}

@article{duan2012,
  title = {Second-Order Accurate Derivatives and Integration Schemes for Meshfree Methods},
  author = {Duan, Qinglin and Li, Xikui and Zhang, Hongwu and Belytschko, Ted},
  year = {2012},
  journal = {International Journal for Numerical Methods in Engineering},
  volume = {92},
  number = {4},
  pages = {399--424},
  issn = {1097-0207},
  copyright = {Copyright {\copyright} 2012 John Wiley \& Sons, Ltd.},
  langid = {english},
  keywords = {elasticity,finite element method,Galerkin,integration,meshfree,solids}
}

@article{duan2014,
  title = {Consistent Element-Free {{Galerkin}} Method},
  author = {Duan, Qinglin and Gao, Xin and Wang, Bingbing and Li, Xikui and Zhang, Hongwu and Belytschko, Ted and Shao, Yulong},
  year = {2014},
  journal = {International Journal for Numerical Methods in Engineering},
  volume = {99},
  number = {2},
  pages = {79--101},
  issn = {1097-0207},
  copyright = {Copyright {\copyright} 2014 John Wiley \& Sons, Ltd.},
  langid = {english},
  keywords = {consistency,EFG,element-free Galerkin method,meshfree,patch test,variation}
}

@article{fernandez-mendez2004,
  title = {Imposing Essential Boundary Conditions in Mesh-Free Methods},
  author = {{Fern{\'a}ndez-M{\'e}ndez}, Sonia and Huerta, Antonio},
  year = {2004},
  month = mar,
  journal = {Computer Methods in Applied Mechanics and Engineering},
  series = {Meshfree {{Methods}}: {{Recent Advances}} and {{New Applications}}},
  volume = {193},
  number = {12},
  pages = {1257--1275},
  issn = {0045-7825},
  keywords = {Coupling with finite elements,Essential boundary conditions,Lagrange multipliers,Mesh-free methods,Nitsche's method}
}

@article{GaoXiaoWei2019,
  title = {{自由单元法及其在结构分析中的应用}},
  author = {高效伟 and 徐兵兵 and 吕军 and 彭海峰},
  year = {2019},
  journal = {力学学报},
  volume = {51},
  number = {3},
  pages = {703--713},
  publisher = {力学学报},
  issn = {0459-1879},
  copyright = {http://creativecommons.org/licenses/by/3.0/},
  langid = {chinese}
}

@article{GaoXin2018,
  title = {{裂纹问题的一致性高阶无网格法}},
  author = {高欣 and 段庆林 and 李书卉 and 陈飙松},
  year = {2018},
  journal = {计算力学学报},
  number = {3},
  pages = {275--282},
  publisher = {计算力学学报},
  issn = {1007-4708},
  copyright = {http://creativecommons.org/licenses/by/3.0/},
  langid = {chinese}
}

@article{hillman2021,
  title = {Consistent Weak Forms for Meshfree Methods: {{Full}} Realization of h-Refinement, p-Refinement, and a-Refinement in Strong-Type Essential Boundary Condition Enforcement},
  shorttitle = {Consistent Weak Forms for Meshfree Methods},
  author = {Hillman, Michael and Lin, Kuan-Chung},
  year = {2021},
  journal = {Computer Methods in Applied Mechanics and Engineering},
  volume = {373},
  pages = {113448},
  issn = {0045-7825},
  keywords = {Essential boundary conditions,Meshfree methods,Refinement,Transformation method}
}

@article{HuangJuan2007,
  title = {{改进广义移动最小二乘近似的无网格法}},
  author = {黄娟 and 姚林泉},
  year = {2007},
  journal = {力学季刊},
  volume = {28},
  number = {3},
  pages = {461--470},
  publisher = {力学季刊},
  issn = {0254-0053},
  copyright = {http://creativecommons.org/licenses/by/3.0/},
  langid = {chinese}
}

@book{hughes2000,
  title = {The {{Finite Element Method}}: {{Linear Static}} and {{Dynamic Finite Element Analysis}}},
  author = {Hughes, Thomas J.R.},
  year = {2000},
  publisher = {Dover Publications},
  keywords = {oft-cited,significant}
}

@article{kaljevic1997,
  title = {An Improved Element Free {{Galerkin}} Formulation},
  author = {Kaljevi{\'c}, Igor and Saigal, Sunil},
  year = {1997},
  journal = {International Journal for Numerical Methods in Engineering},
  volume = {40},
  number = {16},
  pages = {2953--2974},
  issn = {1097-0207},
  copyright = {Copyright {\copyright} 1997 John Wiley \& Sons, Ltd.},
  langid = {english},
  keywords = {cell subdivision,interpolation functions,variable domain of influence}
}

@article{kim2016,
  title = {Experimental Study of Using Cantilever Type Steel Plates for Passive Energy Dissipation},
  author = {Kim, Young J. and Ahn, Tae-Sang and Bae, Jae-Hoon and Oh, Sang-Hoon},
  year = {2016},
  month = sep,
  journal = {International Journal of Steel Structures},
  volume = {16},
  number = {3},
  pages = {959--974},
  issn = {2093-6311},
  langid = {english},
  keywords = {component test,energy dissipation,hysteretic behavior,passive control,steel damper}
}

@article{koester2019,
  title = {Conforming Window Functions for Meshfree Methods},
  author = {Koester, Jacob J. and Chen, Jiun-Shyan},
  year = {2019},
  journal = {Computer Methods in Applied Mechanics and Engineering},
  volume = {347},
  pages = {588--621},
  issn = {0045-7825},
  keywords = {Conforming window functions,Meshfree methods,Rapid design-to-analysis}
}

@article{LianYanPing2013,
  title = {{物质点法的理论和应用}},
  author = {廉艳平 and 张帆 and 刘岩 and 张雄},
  year = {2013},
  journal = {力学进展},
  volume = {43},
  number = {2},
  pages = {237--264},
  publisher = {力学进展},
  issn = {1000-0992},
  copyright = {http://creativecommons.org/licenses/by/3.0/},
  langid = {chinese}
}

@article{liu1995,
  title = {Reproducing Kernel Particle Methods},
  author = {Liu, Wing Kam and Jun, Sukky and Zhang, Yi Fei},
  year = {1995},
  journal = {International Journal for Numerical Methods in Fluids},
  volume = {20},
  number = {8-9},
  pages = {1081--1106},
  issn = {0271-2091},
  keywords = {oft-cited}
}

@book{liu2009,
  title = {Meshfree {{Methods}}: {{Moving Beyond}} the {{Finite Element Method}}({{Second Edition}})},
  shorttitle = {Meshfree {{Methods}}},
  author = {Liu, G. R.},
  year = {2009},
  month = oct,
  publisher = {CRC Press},
  isbn = {978-0-429-13946-8}
}

@article{liu2019,
  title = {The Interpolating Element-Free {{Galerkin}} ({{IEFG}}) Method for Three-Dimensional Potential Problems},
  author = {Liu, D. and Cheng, Y. M.},
  year = {2019},
  month = nov,
  journal = {Engineering Analysis with Boundary Elements},
  volume = {108},
  pages = {115--123},
  issn = {0955-7997},
  keywords = {Improved interpolating moving least-squares method,Interpolating element-free Galerkin method,Meshless method,Potential problem}
}

@article{long2002,
  title = {A {{Meshless Local Petrov-Galerkin Method}} for {{Solving}} the {{Bending Problem}} of a {{Thin Plate}}},
  author = {Long, Shuyao and Atluri, S N},
  year = {2002},
  journal = {Computer Modeling in Engineering \& Sciences},
  volume = {3},
  number = {1},
  pages = {53--63},
  langid = {english}
}

@article{millan2011,
  title = {Thin Shell Analysis from Scattered Points with Maximum-Entropy Approximants},
  author = {Mill{\'a}n, D. and Rosolen, A. and Arroyo, M.},
  year = {2011},
  journal = {International Journal for Numerical Methods in Engineering},
  volume = {85},
  number = {6},
  pages = {723--751},
  issn = {1097-0207},
  copyright = {Copyright {\copyright} 2010 John Wiley \& Sons, Ltd.},
  langid = {english},
  keywords = {maximum-entropy approximants,meshfree methods,point-set surfaces,thin shells}
}

@article{mohammadi2017,
  title = {{{TADAS}} Dampers in Very Large Deformations},
  author = {Mohammadi, Reza Karami and Nasri, Arman and Ghaffary, Azin},
  year = {2017},
  month = jun,
  journal = {International Journal of Steel Structures},
  volume = {17},
  number = {2},
  pages = {515--524},
  issn = {2093-6311},
  langid = {english},
  keywords = {improper geometric characteristic,large deformations,simulation,structural damage,TADAS damper,test}
}

@article{nagevadiya2019,
  title = {Galerkin {{Meshfree Methods}}: {{A Review}} and {{Mathematical Implementation Aspects}}},
  shorttitle = {Galerkin {{Meshfree Methods}}},
  author = {Nagevadiya, Bhaumik and Vaghasia, Bhavik and Rachchh, Nikunj and Bhoraniya, Ramesh},
  year = {2019},
  journal = {International Journal of Applied and Computational Mathematics},
  volume = {5},
  pages = {94--105}
}

@article{nguyen2008,
  title = {Meshless Methods: {{A}} Review and Computer Implementation Aspects},
  shorttitle = {Meshless Methods},
  author = {Nguyen, Vinh Phu and Rabczuk, Timon and Bordas, St{\'e}phane and Duflot, Marc},
  year = {2008},
  month = dec,
  journal = {Mathematics and Computers in Simulation},
  volume = {79},
  number = {3},
  pages = {763--813},
  issn = {0378-4754},
  keywords = {Computer implementation,Extrinsic discontinuities,Intrinsic enrichment,MATLAB,Meshless methods}
}

@article{strouboulis2001,
  title = {The Generalized Finite Element Method},
  author = {Strouboulis, T. and Copps, K. and Babu{\v s}ka, I.},
  year = {2001},
  month = may,
  journal = {Computer Methods in Applied Mechanics and Engineering},
  volume = {190},
  number = {32},
  pages = {4081--4193},
  issn = {0045-7825},
  keywords = {Adaptive quadrature,Generalized finite element method,Handbook functions,Hybrid,Meshfree,Meshless,Numerical integration}
}

@article{sukumar1998,
  title = {The Natural Element Method in Solid Mechanics},
  author = {Sukumar, N. and Moran, B. and Belytschko, T.},
  year = {1998},
  journal = {International Journal for Numerical Methods in Engineering},
  volume = {43},
  number = {5},
  pages = {839--887},
  issn = {1097-0207},
  copyright = {Copyright {\copyright} 1998 John Wiley \& Sons, Ltd.},
  langid = {english},
  keywords = {1st- and 2nd-order Voronoi diagrams,Delaunay triangle,elastostatics,natural element method,natural neighbour interpolation}
}

@article{thai2016,
  title = {An Improved Moving {{Kriging}} Meshfree Method for Plate Analysis Using a Refined Plate Theory},
  author = {Thai, Chien H. and Nguyen, Tan N. and Rabczuk, T. and {Nguyen-Xuan}, H.},
  year = {2016},
  journal = {Computers \& Structures},
  volume = {176},
  pages = {34--49},
  issn = {0045-7949},
  keywords = {Isogeometric analysis,Meshfree method,Moving Kriging interpolation,Two-variable refined plate theory}
}

@book{ventsel2002,
  title = {Thin {{Plates}} and {{Shells}}: {{Theory}}, {{Analysis}}, and {{Applications}}},
  author = {Ventsel, E and Krauthammer, T and Carrera, E},
  year = {2002},
  publisher = {CRC Press}
}

@article{wang2015,
  title = {A {{Boundary Enhancement}} for the {{Stabilized Conforming Nodal Integration}} of {{Galerkin Meshfree Methods}}},
  author = {Wang, Dongdong and Sun, Ming and Xie, Pinkang},
  year = {2015},
  journal = {International Journal of Computational Methods},
  volume = {12},
  number = {2},
  pages = {1550009},
  issn = {0219-8762, 1793-6969},
  langid = {english}
}

@article{wang2016,
  title = {An Efficient Nesting Sub-Domain Gradient Smoothing Integration Algorithm with Quadratic Exactness for {{Galerkin}} Meshfree Methods},
  author = {Wang, Dongdong and Wu, Junchao},
  year = {2016},
  journal = {Computer Methods in Applied Mechanics and Engineering},
  volume = {298},
  pages = {485--519},
  issn = {0045-7825},
  keywords = {Gradient smoothing,Meshfree methods,Nesting sub-domains,Numerical integration,Quadratic exactness}
}

@article{wang2019,
  title = {An Inherently Consistent Reproducing Kernel Gradient Smoothing Framework toward Efficient {{Galerkin}} Meshfree Formulation with Explicit Quadrature},
  author = {Wang, Dongdong and Wu, Junchao},
  year = {2019},
  journal = {Computer Methods in Applied Mechanics and Engineering},
  volume = {349},
  pages = {628--672},
  issn = {0045-7825},
  keywords = {Efficiency,Higher order basis function,Integration consistency,Meshfree method,Numerical integration,Reproducing kernel gradient smoothing}
}

@article{wang2023,
  title = {A Consistent Projection Integration for {{Galerkin}} Meshfree Methods},
  author = {Wang, Junfeng and Ren, Xiaodan},
  year = {2023},
  journal = {Computer Methods in Applied Mechanics and Engineering},
  volume = {414},
  pages = {116143},
  issn = {0045-7825},
  keywords = {Integration consistency,Meshfree method,Numerical integration}
}

@article{WangBingBing2019,
  title = {{薄板弯曲分析的节点积分高阶无网格法}},
  author = {王冰冰 and 段庆林 and 李书卉 and 杨迪雄},
  year = {2019},
  journal = {计算力学学报},
  volume = {36},
  number = {1},
  pages = {103--109},
  publisher = {计算力学学报},
  issn = {1007-4708},
  copyright = {http://creativecommons.org/licenses/by/3.0/},
  langid = {chinese}
}

@article{wu2021,
  title = {An Accuracy Analysis of {{Galerkin}} Meshfree Methods Accounting for Numerical Integration},
  author = {Wu, Junchao and Wang, Dongdong},
  year = {2021},
  month = mar,
  journal = {Computer Methods in Applied Mechanics and Engineering},
  volume = {375},
  pages = {113631},
  issn = {0045-7825},
  keywords = {Error estimate,Galerkin orthogonality,Integration consistency,Meshfree method,Numerical integration,Reproducing kernel gradient smoothing integration}
}

@article{Wu2022,
  title = {基于赫林格-赖斯纳变分原理的一致高效无网格本质边界条件施加方法},
  author = {吴, 俊超 and 吴, 新瑜 and 赵, 珧冰 and 王, 东东},
  year = {2022},
  month = dec,
  journal = {力学学报},
  volume = {54},
  number = {12},
  pages = {3283--3296},
  issn = {0459-1879}
}

@article{wu2023,
  title = {A Rotation-Free {{Hellinger-Reissner}} Meshfree Thin Plate Formulation Naturally Accommodating Essential Boundary Conditions},
  author = {Wu, Junchao and Wu, Xinyu and Zhao, Yaobing and Wang, Dongdong},
  year = {2023},
  month = sep,
  journal = {Engineering Analysis with Boundary Elements},
  volume = {154},
  pages = {122--140},
  issn = {0955-7997}
}

@article{WuJunChao2016,
  title = {{伽辽金型无网格法的数值积分方法}},
  author = {吴俊超 and 邓俊俊 and 王家睿 and 王东东},
  year = {2016},
  journal = {固体力学学报},
  volume = {37},
  number = {3},
  pages = {208--233},
  publisher = {固体力学学报},
  issn = {0254-7805},
  copyright = {http://creativecommons.org/licenses/by/3.0/},
  langid = {chinese}
}

@article{yreux2017,
  title = {A Quasi-Linear Reproducing Kernel Particle Method},
  author = {Yreux, Edouard and Chen, Jiun-Shyan},
  year = {2017},
  journal = {International Journal for Numerical Methods in Engineering},
  volume = {109},
  number = {7},
  pages = {1045--1064},
  issn = {1097-0207},
  copyright = {Copyright {\copyright} 2016 John Wiley \& Sons, Ltd.},
  langid = {english},
  keywords = {kernel stability,meshfree methods,quasi-linear approximation,reproducing kernel particle method,semi-Lagrangian}
}

@article{ZhangXiong2017,
  title = {{极端变形问题的物质点法研究进展}},
  author = {张雄 and 刘岩 and 张帆 and 陈镇鹏},
  year = {2017},
  journal = {计算力学学报},
  volume = {34},
  number = {1},
  pages = {1--16},
  publisher = {计算力学学报},
  issn = {1007-4708},
  copyright = {http://creativecommons.org/licenses/by/3.0/},
  langid = {chinese}
}

@article{zhu1998,
  title = {A Modified Collocation Method and a Penalty Formulation for Enforcing the Essential Boundary Conditions in the Element Free {{Galerkin}} Method},
  author = {Zhu, Tulong and Atluri, S.},
  year = {1998},
  journal = {Computational Mechanics},
  volume = {21},
  pages = {211--222}
}

@article{xue2024,
  title = {Weighted Radial Basis Collocation Method for Large Deformation Analysis of Rubber-like Materials},
  author = {Xue, Zhiyuan and Wang, Lihua and Ren, Xiaodan and Abdel Wahab, Magd},
  date = {2024-02-01},
  journaltitle = {Engineering Analysis with Boundary Elements},
  shortjournal = {Engineering Analysis with Boundary Elements},
  volume = {159},
  pages = {95--110},
  issn = {0955-7997},
  urldate = {2024-02-15}
}

@article{deng2023,
  title = {A Superconvergent Meshfree Collocation Formulation for Laminated Composite Plates with Particular Focus on Convergence Analysis},
  author = {Deng, Like and Wang, Dongdong and Xu, Xiaolan and Lin, Zhiwei and Fu, Saisai},
  date = {2023-06-14},
  journaltitle = {Composite Structures},
  shortjournal = {Composite Structures},
  pages = {117248},
  issn = {0263-8223},
  urldate = {2023-06-19},
  langid = {english}
}

@article{wang2022b,
  title = {Temporal Stability of Collocation, {{Petrov}}–{{Galerkin}}, and Other Non-Symmetric Methods in Elastodynamics and an Energy Conserving Time Integration},
  author = {Wang, Jiarui and Hillman, Michael C.},
  date = {2022-04-01},
  journaltitle = {Computer Methods in Applied Mechanics and Engineering},
  shortjournal = {Computer Methods in Applied Mechanics and Engineering},
  volume = {393},
  pages = {114738},
  issn = {0045-7825},
  urldate = {2022-06-25},
  langid = {english}
}

@article{wang2020c,
  title = {A Meshfree Stabilized Collocation Method ({{SCM}}) Based on Reproducing Kernel Approximation},
  author = {Wang, Lihua and Qian, Zhihao},
  date = {2020-11-01},
  journaltitle = {Computer Methods in Applied Mechanics and Engineering},
  shortjournal = {Computer Methods in Applied Mechanics and Engineering},
  volume = {371},
  pages = {113303},
  issn = {0045-7825},
  urldate = {2020-08-13},
  langid = {english}
}

@article{chi2013,
  title = {A Gradient Reproducing Kernel Collocation Method for Boundary Value Problems},
  author = {Chi, Sheng-Wei and Chen, Jiun-Shyan and Hu, Hsin-Yun and Yang, Judy P.},
  date = {2013-03},
  journaltitle = {International Journal for Numerical Methods in Engineering},
  volume = {93},
  number = {13},
  eprint = {260949200001},
  eprinttype = {pmid},
  pages = {1381-1402},
  issn = {00295981},
  langid = {english}
}

@article{zhang2001,
  title = {Least-Squares Collocation Meshless Method},
  author = {Zhang, Xiong and Liu, Xiao Hu and Song, Kang Zu and Lu, Ming Wan},
  date = {2001},
  journaltitle = {International Journal for Numerical Methods in Engineering},
  volume = {51},
  number = {9},
  pages = {1089--1100},
  issn = {00295981},
  langid = {english}
}

@article{hilali2022,
  title = {A Meshfree {{Hermite}} Point Interpolation Method for Buckling and Post-Buckling Analysis of Thin Plates},
  author = {Hilali, Youssef and Bourihane, Oussama},
  date = {2022-10-01},
  journaltitle = {Engineering with Computers},
  shortjournal = {Engineering with Computers},
  volume = {38},
  number = {4},
  pages = {3171--3190},
  issn = {1435-5663},
  urldate = {2023-03-23},
  langid = {english}
}

@article{nguyen2024,
  title = {A Smooth {{Crack-Band Model}} for Anisotropic Materials: {{Continuum}} Theory and Computations with the {{RKPM}} Meshfree Method},
  shorttitle = {A Smooth {{Crack-Band Model}} for Anisotropic Materials},
  author = {Nguyen, Hoang and Wang, Jiarui and Bazilevs, Yuri},
  date = {2024-02-01},
  journaltitle = {International Journal of Solids and Structures},
  shortjournal = {International Journal of Solids and Structures},
  volume = {288},
  pages = {112618},
  issn = {0020-7683},
  urldate = {2024-03-18}
}

@article{you2024,
  title = {Time-Domain Acoustic Wave Propagations in Multi-Fluids Using a Weak-Form Meshfree Method},
  author = {You, Xiangyu and Yin, Jiancheng and Yao, Yu and Li, Wei},
  date = {2024-01-15},
  journaltitle = {Ocean Engineering},
  shortjournal = {Ocean Engineering},
  volume = {292},
  pages = {116531},
  issn = {0029-8018},
  urldate = {2024-03-18}
}

@article{shao2024,
  title = {Adaptive Meshfree Method for Fourth-Order Phase-Field Model of Fracture Using Consistent Integration Schemes},
  author = {Shao, Yulong and Duan, Qinglin and Chen, Rongfu},
  date = {2024-01-30},
  journaltitle = {Computational Materials Science},
  shortjournal = {Computational Materials Science},
  volume = {233},
  pages = {112743},
  issn = {0927-0256},
  urldate = {2024-03-18}
}

@article{truong2024,
  title = {A Novel Nodal Integration Technique for Meshfree Methods Based on the {{Cartesian}} Transformation Approach in the Analysis of Curved Shells},
  author = {Truong, Thien Tich and Nguyen, Nha Thanh and Nguyen, Dinh Kien and Lo, Vay Siu},
  date = {2024-06-01},
  journaltitle = {Engineering Analysis with Boundary Elements},
  shortjournal = {Engineering Analysis with Boundary Elements},
  volume = {163},
  pages = {69--83},
  issn = {0955-7997},
  urldate = {2024-03-18}
}
