@article{belytschkoElementFreeGalerkin1994,
  title = {Element-free {{Galerkin}} Methods},
  author = {Belytschko, T. and Lu, Y. Y. and Gu, L.},
  year = {1994},
  journal = {International Journal for Numerical Methods in Engineering},
  volume = {37},
  number = {2},
  pages = {229--256},
  issn = {10970207},
  doi = {10.1002/nme.1620370205},
  pmid = {10208278},
  keywords = {oft-cited}
}

@article{belytschkoMeshlessMethodsOverview1996,
  title = {Meshless Methods: {{An}} Overview and Recent Developments},
  shorttitle = {Meshless Methods},
  author = {Belytschko, T. and Krongauz, Y. and Organ, D. and Fleming, M. and Krysl, P.},
  year = {1996},
  month = dec,
  journal = {Computer Methods in Applied Mechanics and Engineering},
  volume = {139},
  number = {1-4},
  pages = {3--47},
  issn = {0045-7825},
  doi = {10.1016/S0045-7825(96)01078-X},
  langid = {english}
}

@book{belytschkoNonlinearFiniteElements2014,
  title = {Nonlinear {{Finite Elements}} for {{Continua}} and {{Structures}}},
  author = {Belytschko, Ted and Liu, Wing-Kam and Moran, Brian and Elkhodary, Khalil},
  year = {2014},
  publisher = {{Wiley}},
  langid = {english}
}

@article{chenMeshfreeMethodsProgress2017,
  title = {{Meshfree methods: Progress made after 20 Years}},
  author = {Chen, Jiun Shyan and Hillman, Michael and Chi, Sheng Wei},
  year = {2017},
  month = apr,
  journal = {Journal of Engineering Mechanics},
  volume = {143},
  number = {4},
  pages = {04017001},
  issn = {0733-9399},
  doi = {10.1061/(ASCE)EM.1943-7889.0001176},
  langid = {English LB - Chen2017},
  keywords = {oft-cited}
}

@article{dengBoBanFenXiDeXianXingJiTiDuGuangHuaJiaLiaoJinWuWangGeFa2019,
  title = {薄板分析的线性基梯度光滑伽辽金无网格法},
  author = {邓, 立克 and 王, 东东 and 王, 家睿 and 吴, 俊超},
  year = {2019},
  month = may,
  journal = {力学学报},
  volume = {51},
  number = {3},
  pages = {690--702},
  doi = {10.6052/0459-1879-19-004},
  copyright = {All rights reserved}
}

@book{hughesFiniteElementMethod2000,
  title = {The {{Finite Element Method}}: {{Linear Static}} and {{Dynamic Finite Element Analysis}}},
  author = {Hughes, Thomas J.R.},
  year = {2000},
  publisher = {{Dover Publications}},
  address = {{Mineola, New York}},
  keywords = {oft-cited,significant}
}

@article{kryslAnalysisThinPlates1995,
  title = {Analysis of Thin Plates by the Element-Free {{Galerkin}} Method},
  author = {Krysl, P. and Belytschko, T.},
  year = {1995},
  month = dec,
  journal = {Computational Mechanics},
  volume = {17},
  number = {1},
  pages = {26--35},
  issn = {1432-0924},
  doi = {10.1007/BF00356476},
  langid = {english}
}

@article{kryslAnalysisThinShells1996,
  title = {Analysis of Thin Shells by the {{Element-Free Galerkin}} Method},
  author = {Krysl, Petr and Belytschko, Ted},
  year = {1996},
  month = aug,
  journal = {International Journal of Solids and Structures},
  volume = {33},
  number = {20},
  pages = {3057--3080},
  issn = {0020-7683},
  doi = {10.1016/0020-7683(95)00265-0}
}

@article{liuMeshfreeHermitetypeRadial2006,
  title = {A Meshfree {{Hermite-type}} Radial Point Interpolation Method for {{Kirchhoff}} Plate Problems},
  author = {Liu, Y. and Hon, Y. C. and Liew, K. M.},
  year = {2006},
  journal = {International Journal for Numerical Methods in Engineering},
  volume = {66},
  number = {7},
  pages = {1153--1178},
  issn = {1097-0207},
  doi = {10.1002/nme.1587},
  copyright = {Copyright {\textcopyright} 2005 John Wiley \& Sons, Ltd.},
  langid = {english}
}

@article{liuMeshfreeMethodStatic2001,
  title = {A Mesh-Free Method for Static and Free Vibration Analyses of Thin Plates of Complicated Shape},
  author = {Liu, G. R. and Chen, X. L.},
  year = {2001},
  month = apr,
  journal = {Journal of Sound and Vibration},
  volume = {241},
  number = {5},
  pages = {839--855},
  issn = {0022-460X},
  doi = {10.1006/jsvi.2000.3330}
}

@article{liuReproducingKernelParticle1995,
  title = {Reproducing Kernel Particle Methods},
  author = {Liu, Wing Kam and Jun, Sukky and Zhang, Yi Fei},
  year = {1995},
  month = apr,
  journal = {International Journal for Numerical Methods in Fluids},
  volume = {20},
  number = {8-9},
  pages = {1081--1106},
  issn = {0271-2091},
  doi = {10.1002/fld.1650200824},
  keywords = {oft-cited}
}

@article{luNewImplementationElement1994,
  title = {A New Implementation of the Element Free {{Galerkin}} Method},
  author = {Lu, Y. Y. and Belytschko, T. and Gu, L.},
  year = {1994},
  journal = {Computer Methods in Applied Mechanics and Engineering},
  volume = {113},
  number = {3-4},
  pages = {397--414},
  issn = {00457825},
  doi = {10.1016/0045-7825(94)90056-6},
  langid = {english},
  pmid = {26071039}
}

@article{millanThinShellAnalysis2011,
  title = {Thin Shell Analysis from Scattered Points with Maximum-Entropy Approximants},
  author = {Mill{\'a}n, D. and Rosolen, A. and Arroyo, M.},
  year = {2011},
  month = feb,
  journal = {International Journal for Numerical Methods in Engineering},
  volume = {85},
  number = {6},
  pages = {723--751},
  issn = {00295981},
  doi = {10.1002/nme.2992},
  langid = {english}
}

@article{rabczukMeshfreeThinShell2007,
  title = {A Meshfree Thin Shell Method for Non-linear Dynamic Fracture},
  author = {Rabczuk, T. and Areias, P. M. A. and Belytschko, T.},
  year = {2007},
  month = oct,
  journal = {International Journal for Numerical Methods in Engineering},
  volume = {72},
  number = {5},
  pages = {524--548},
  issn = {1097-0207},
  doi = {10.1002/nme.2013},
  langid = {english}
}

@book{steinEncyclopediaComputationalMechanics2004,
  title = {Encyclopedia of {{Computational Mechanics}}},
  editor = {Stein, Erwin and de Borst, Ren{\'e} and Hughes, Thomas J. R.},
  year = {2004},
  publisher = {{John Wiley}},
  address = {{Chichester, West Sussex}},
  isbn = {978-0-470-84699-5},
  langid = {english},
  lccn = {TA350 .E53 2004},
  annotation = {OCLC: ocm55800932}
}

@book{timoshenkoTheoryPlatesShells1959,
  title = {Theory of {{Plates}} and {{Shells}}},
  author = {Timoshenko, Stephen P and Woinowskykrieger, S},
  year = {1959},
  publisher = {{McGraw-hill}}
}

@book{ventselThinPlatesShells2002,
  title = {Thin {{Plates}} and {{Shells}}: {{Theory}}, {{Analysis}}, and {{Applications}}},
  author = {Ventsel, E and Krauthammer, T and Carrera, E},
  year = {2002},
  publisher = {{American Society of Mechanical Engineers Digital Collection}}
}

@article{wuJiYuHeLinGeLaiSiNaBianFenYuanLiDeYiZhiGaoXiaoWuWangGeBenZhiBianJieTiaoJianShiJiaFangFa2022,
  title = {基于赫林格-赖斯纳变分原理的一致高效无网格本质边界条件施加方法},
  author = {吴, 俊超 and 吴, 新瑜 and 赵, 珧冰 and 王, 东东},
  year = {2022},
  month = dec,
  journal = {力学学报},
  volume = {54},
  number = {12},
  pages = {3283--3296},
  issn = {0459-1879},
  doi = {10.6052/0459-1879-22-151}
}

@article{wuRotationfreeHellingerReissnerMeshfree2023,
  title = {A Rotation-Free {{Hellinger-Reissner}} Meshfree Thin Plate Formulation Naturally Accommodating Essential Boundary Conditions},
  author = {Wu, Junchao and Wu, Xinyu and Zhao, Yaobing and Wang, Dongdong},
  year = {2023},
  month = sep,
  journal = {Engineering Analysis with Boundary Elements},
  volume = {154},
  pages = {122--140},
  issn = {0955-7997},
  doi = {10.1016/j.enganabound.2023.05.030}
}

@book{zienkiewiczFiniteElementMethod2013,
  title = {The {{Finite Element Method}} for {{Solid}} and {{Structural Mechanics}} ({{Seventh Edition}})},
  author = {Zienkiewicz, O. C. and Taylor, R. L. and Fox, D. D.},
  year = {2013},
  publisher = {{Elsevier}},
  doi = {10.1016/C2009-0-26332-X},
  isbn = {978-1-85617-634-7},
  langid = {english}
}
